<record><leader>00000cas a22000007a 4500</leader><controlfield tag="001">13790126</controlfield><controlfield tag="008">860627d18801892paucr ne      0    0eng d</controlfield><datafield ind1=" " ind2=" " tag="010"><subfield code="a">sn 87078022 </subfield></datafield><datafield ind1=" " ind2=" " tag="040"><subfield code="a">NPH</subfield><subfield code="b">eng</subfield><subfield code="c">NPH</subfield><subfield code="d">NPX</subfield><subfield code="d">NPH</subfield><subfield code="d">OCLCQ</subfield></datafield><datafield ind1=" " ind2=" " tag="042"><subfield code="a">msc</subfield></datafield><datafield ind1="0" ind2=" " tag="130"><subfield code="a">Oil City weekly derrick (Oil City, Pa. : 1880)</subfield></datafield><datafield ind1="1" ind2="0" tag="245"><subfield code="a">Oil City weekly derrick.</subfield></datafield><datafield ind1="3" ind2="0" tag="246"><subfield code="a">Oil City derrick-semi-weekly</subfield></datafield><datafield ind1="1" ind2="3" tag="246"><subfield code="a">Weekly derrick</subfield></datafield><datafield ind1=" " ind2=" " tag="260"><subfield code="a">Oil City, Pa. :</subfield><subfield code="b">W.H. Longwell &amp; Co.,</subfield><subfield code="c">-1892.</subfield></datafield><datafield ind1=" " ind2=" " tag="300"><subfield code="a">v. ;</subfield><subfield code="c">55 cm.</subfield></datafield><datafield ind1=" " ind2=" " tag="310"><subfield code="a">Semiweekly,</subfield><subfield code="b">Jan. 5-29, 1892</subfield></datafield><datafield ind1=" " ind2=" " tag="321"><subfield code="a">Weekly,</subfield><subfield code="b">&lt;1882&gt;-Dec. 29, 1891</subfield></datafield><datafield ind1="1" ind2=" " tag="362"><subfield code="a">Began in 1880?</subfield></datafield><datafield ind1="0" ind2=" " tag="362"><subfield code="a">-v. 13, no. 7 (Jan. 29, 1892).</subfield></datafield><datafield ind1=" " ind2=" " tag="500"><subfield code="a">Published as: Oil City derrick-semi-weekly, Jan. 8-29, 1892.</subfield></datafield><datafield ind1=" " ind2=" " tag="500"><subfield code="a">Publishers: Derrick Pub. Co., &lt;1889&gt;; P.C. Boyle, &lt;1892&gt;.</subfield></datafield><datafield ind1=" " ind2=" " tag="588"><subfield code="a">Description based on: Vol. 2, no. 2 (Jan. 6, 1882).</subfield></datafield><datafield ind1=" " ind2=" " tag="752"><subfield code="a">United States</subfield><subfield code="b">Pennsylvania</subfield><subfield code="c">Venango</subfield><subfield code="d">Oil City.</subfield></datafield><datafield ind1="0" ind2=" " tag="775"><subfield code="t">Oil City derrick (Oil City, Pa. : Daily)</subfield><subfield code="w">(DLC)sn 84026125</subfield></datafield><datafield ind1="0" ind2="0" tag="780"><subfield code="t">Oil City Sunday derrick</subfield><subfield code="w">(DLC)sn 87080511</subfield></datafield><datafield ind1="0" ind2="0" tag="785"><subfield code="t">Oil City semi-weekly derrick</subfield><subfield code="w">(DLC)sn 85038445</subfield></datafield></record>